@book{book:la,
title = {Linear Algebra},
author = {K. Hoffman and R. Kunze},
publisher = {Prentice-Hall},
year = {1971},
edition = {2nd}
}
@article{article:cma,
title = {Optimal and nearly optimal algorithms for approximating polynomial zeros},
author = {V. Pan},
journal = {Computers and Mathematics with Applications},
volume = {31},
number = {12},
year = {1996}
}